<?xml version="1.0" encoding="utf-8"?>
<record xmlns="http://www.loc.gov/MARC21/slim" xmlns:xsi="http://www.w3.org/2001/XMLSchema-instance" xsi:schemaLocation="http://www.loc.gov/MARC21/slim http://www.loc.gov/standards/marcxml/schema/MARC21slim.xsd">
	<leader>     nam a22        4500</leader>
	<controlfield tag="001">2678064</controlfield>
	<controlfield tag="003">NNC</controlfield>
	<controlfield tag="006">m        d        </controlfield>
	<controlfield tag="007">cr cn |||m|||a</controlfield>
	<controlfield tag="008">170117m19539999ua      ob    000 0 arar </controlfield>
	<datafield ind1=" " ind2=" " tag="040">
		<subfield code="a">NNU</subfield>
		<subfield code="b">eng</subfield>
		<subfield code="e">rda</subfield>
		<subfield code="c">NNU</subfield>
	</datafield>
	<datafield ind1=" " ind2=" " tag="043">
		<subfield code="a">f-ua---</subfield>
	</datafield>
	<datafield ind1=" " ind2="0" tag="050">
		<subfield code="a">DT45</subfield>
		<subfield code="b">.R3</subfield>
	</datafield>
	<datafield ind1="1" ind2=" " tag="100">
		<subfield code="6">880-01</subfield>
		<subfield code="a">Ramzī, Muḥammad.</subfield>
	</datafield>
	<datafield ind1="1" ind2="3" tag="245">
		<subfield code="6">880-02</subfield>
		<subfield code="a">al-Qāmūs al-jughrāfi lil-bilād al-Miṣrīyah :</subfield>
		<subfield code="b">min ʻahd qudamāʼ al-Miṣrīyīn ilá sanat 1945 /</subfield>
		<subfield code="c">waḍaʻahu wa-ḥaqqaqahu wa-ʻallaqa ʻalayhi Muḥammad Ramzī.</subfield>
	</datafield>
	<datafield ind1=" " ind2="1" tag="264">
		<subfield code="6">880-03</subfield>
		<subfield code="a">al-Qāhirah :</subfield>
		<subfield code="b">Maṭbaʻat Dār al-Kutub al-Miṣrīyah,</subfield>
		<subfield code="c">1953-</subfield>
	</datafield>
	<datafield ind1=" " ind2=" " tag="300">
		<subfield code="a">online resource (volumes)</subfield>
	</datafield>
	<datafield ind1=" " ind2=" " tag="336">
		<subfield code="a">text</subfield>
		<subfield code="2">rdacontent</subfield>
	</datafield>
	<datafield ind1=" " ind2=" " tag="337">
		<subfield code="a">computer</subfield>
		<subfield code="2">rdamedia</subfield>
	</datafield>
	<datafield ind1=" " ind2=" " tag="338">
		<subfield code="a">online resource</subfield>
		<subfield code="2">rdacarrier</subfield>
	</datafield>
	<datafield ind1=" " ind2=" " tag="500">
		<subfield code="a">Part of the Arabic Collections Online (ACO) project, contributed by Columbia University Libraries.</subfield>
	</datafield>
	<datafield ind1=" " ind2=" " tag="504">
		<subfield code="a">Includes bibliographical references.</subfield>
	</datafield>
	<datafield ind1="1" ind2=" " tag="505">
		<subfield code="6">880-04</subfield>
		<subfield code="a">al-Qism 1. al-Bilād al-Mundarisah -- al-Qism 2. al-Bilād al-Ḥālīyah: al-Juzʼ 1. al-muḥāfaẓāt wa-mudr̄īyāt al-Qalyūbīyah wa-al-Sharqīyah wa-al-Daqhlīyah;. al-Juzʼ 2. Mudīrīyāt al-Gharbīyah wa-al-Munūfīyah wa-al-Baḥīrah; al-Juzʼ 3. Mudīrīyāt al-Jazīrah wa-Banī Suwīf wa-al-Fayyūm wa-al-Minyā; al-Juzʼ 4. Mudīrīyat Asyūṭ wa-Jirjā wa-Qinā wa-Aswān wa-maṣlaḥat al-ḥudūd.</subfield>
	</datafield>
	<datafield ind1=" " ind2=" " tag="533">
		<subfield code="a">Electronic reproduction.</subfield>
		<subfield code="b">New York, N.Y. :</subfield>
		<subfield code="c">New York University,</subfield>
		<subfield code="d">2017.</subfield>
		<subfield code="5">NNU</subfield>
	</datafield>
	<datafield ind1=" " ind2="0" tag="651">
		<subfield code="a">Egypt</subfield>
		<subfield code="v">Gazetteers.</subfield>
	</datafield>
	<datafield ind1=" " ind2="7" tag="651">
		<subfield code="a">Egypt.</subfield>
		<subfield code="2">fast</subfield>
		<subfield code="0">(OCoLC)fst01208755</subfield>
	</datafield>
	<datafield ind1=" " ind2="7" tag="655">
		<subfield code="a">Gazetteers.</subfield>
		<subfield code="2">fast</subfield>
		<subfield code="0">(OCoLC)fst01423817</subfield>
	</datafield>
	<datafield ind1="2" ind2=" " tag="710">
		<subfield code="a">Columbia University.</subfield>
		<subfield code="b">Libraries.</subfield>
	</datafield>
	<datafield ind1="0" ind2=" " tag="730">
		<subfield code="a">Arabic Collections Online.</subfield>
	</datafield>
	<datafield ind1="0" ind2="8" tag="776">
		<subfield code="i">Online version:</subfield>
		<subfield code="a">Ramzī, Muḥammad, 1871-1945.</subfield>
		<subfield code="t">Qāmūs al-jughrāfi lil-bilād al-Miṣrīyah.</subfield>
		<subfield code="d">al-Qāhirah, Maṭbaʻat Dār al-Kutub al-Miṣrīyah, 1953-54-</subfield>
		<subfield code="w">(OCoLC)562066037</subfield>
	</datafield>
	<datafield ind1="0" ind2="8" tag="776">
		<subfield code="i">Print version:</subfield>
		<subfield code="a">Ramzī, Muḥammad.</subfield>
		<subfield code="t">al-Qāmūs al-jughrāfi lil-bilād al-Miṣrīyah</subfield>
		<subfield code="w">(NNC)2678064</subfield>
		<subfield code="w">(DLC)ne 65001004 </subfield>
		<subfield code="w">(OCoLC)8944786</subfield>
	</datafield>
	<datafield ind1="4" ind2="0" tag="856">
		<subfield code="u">http://hdl.handle.net/2333.1/qfttf3j4</subfield>
	</datafield>
	<datafield ind1="1" ind2=" " tag="880">
		<subfield code="6">100-01/r</subfield>
		<subfield code="a">رمزي، محمد.</subfield>
	</datafield>
	<datafield ind1="1" ind2="2" tag="880">
		<subfield code="6">245-02/r</subfield>
		<subfield code="a">القاموس الجغراف للبلاد المصرية :</subfield>
		<subfield code="b">من عهد قدماء المصريين الى سنة 1945 /</subfield>
		<subfield code="c">وضعه وحققه وعلق عليه محمد رمزي.</subfield>
	</datafield>
	<datafield ind1=" " ind2="1" tag="880">
		<subfield code="6">264-03/r</subfield>
		<subfield code="a">القاهرة :</subfield>
		<subfield code="b">مطبعة دار الكتب المصرية،</subfield>
		<subfield code="c">1953-</subfield>
	</datafield>
	<datafield ind1="1" ind2=" " tag="880">
		<subfield code="6">505-04/r</subfield>
		<subfield code="a">القسم 1. البلاد المندرسة -- القسم 2. البلاد الحالية: الجزء 1. المحافظات ومدريات القليوبية والشرقية والدقهلية؛. الجزء 2. مديريات الغربية والمنوفية والبحيره؛ الجزء 3. مديريات الجزيرة وبني سويف والفيوم والمنيا؛ الجزء 4. مديرية اسيوط وجرجا وقنا وأسوان ومصلحة الحدود.</subfield>
	</datafield>
	<datafield ind1=" " ind2=" " tag="959">
		<subfield code="a">NNU</subfield>
		<subfield code="b">WEB</subfield>
		<subfield code="c">GENI</subfield>
		<subfield code="t">0</subfield>
		<subfield code="m">Electronic access</subfield>
		<subfield code="s">01</subfield>
	</datafield>
	<datafield ind1=" " ind2=" " tag="999">
		<subfield code="i">NNC_2678064</subfield>
		<subfield code="o">(OCoLC)ocm08944786 </subfield>
		<subfield code="s">columbia_aco002232:v.1</subfield>
	</datafield>
</record>
